<record xmlns="http://www.loc.gov/MARC21/slim" xmlns:xsi="http://www.w3.org/2001/XMLSchema-instance" xsi:schemaLocation="http://www.loc.gov/MARC21/slim http://www.loc.gov/standards/marcxml/schema/MARC21slim.xsd"><leader>02136nam a2200373   4500</leader><controlfield tag="001">3073966</controlfield><controlfield tag="003">NNC</controlfield><controlfield tag="006">m        d        </controlfield><controlfield tag="007">cr cn |||m|||a</controlfield><controlfield tag="008">150110s1932    ua      o     000 0 ara d</controlfield><datafield ind1=" " ind2=" " tag="040"><subfield code="a">NNU</subfield><subfield code="b">eng</subfield><subfield code="e">rda</subfield><subfield code="c">NNU</subfield></datafield><datafield ind1=" " ind2="4" tag="050"><subfield code="a">PJ7745.J3</subfield><subfield code="b">B3 1932</subfield></datafield><datafield ind1="0" ind2=" " tag="100"><subfield code="6">880-01</subfield><subfield code="a">Ja&#772;h&#803;iz&#803;,</subfield><subfield code="d">-868 or 869.</subfield></datafield><datafield ind1="1" ind2="3" tag="245"><subfield code="6">880-02</subfield><subfield code="a">al-Baya&#772;n wa-al-tabyi&#772;n /</subfield><subfield code="c">li-Abi&#772; &#699;Uthma&#772;n &#699;Amr ibn Bah&#803;r ibn Mah&#803;bu&#772;b al-Ja&#772;hiz&#803;, h&#803;aqqaqahu&#772; wa-sharah&#803;ahu&#772; H&#803;asan al-Sandu&#772;bi&#772;.</subfield></datafield><datafield ind1=" " ind2=" " tag="250"><subfield code="6">880-03</subfield><subfield code="a">Al-t&#803;ab&#699;ah al-2.,</subfield><subfield code="b">wa-hiya tamta&#772;z &#699;an sa&#772;biqatiha&#772; bi-diqqat al-tah&#803;qi&#772;q wa-al-d&#803;abt&#803; wa-al-tahdhi&#772;b wa-ziya&#772;dat al-sharh&#803;.</subfield></datafield><datafield ind1=" " ind2=" " tag="260"><subfield code="6">880-04</subfield><subfield code="a">al-Qa&#772;hirah :</subfield><subfield code="b">al-Maktabah al-Tija&#772;ri&#772;yah al-Kubra&#769; (li-s&#803;a&#772;h&#803;ibiha&#772; Mus&#803;t&#803;afa&#769; Muh&#803;ammad),</subfield><subfield code="c">1351 [1932]</subfield></datafield><datafield ind1=" " ind2=" " tag="300"><subfield code="a">online resource (3 volumes in 1.)</subfield></datafield><datafield ind1=" " ind2=" " tag="336"><subfield code="a">text</subfield><subfield code="2">rdacontent</subfield></datafield><datafield ind1=" " ind2=" " tag="337"><subfield code="a">computer</subfield><subfield code="2">rdamedia</subfield></datafield><datafield ind1=" " ind2=" " tag="338"><subfield code="a">online resource</subfield><subfield code="2">rdacarrier</subfield></datafield><datafield ind1=" " ind2=" " tag="500"><subfield code="a">Part of the Arabic Collections Online (ACO) project, contributed by Columbia University Libraries.</subfield></datafield><datafield ind1=" " ind2=" " tag="533"><subfield code="a">Electronic reproduction.</subfield><subfield code="b">New York, N.Y. :</subfield><subfield code="c">New York University,</subfield><subfield code="d">2015.</subfield><subfield code="5">NNU</subfield></datafield><datafield ind1="1" ind2=" " tag="700"><subfield code="6">880-05</subfield><subfield code="a">Sandu&#772;bi&#772;, H&#803;asan.</subfield></datafield><datafield ind1="2" ind2=" " tag="710"><subfield code="a">Columbia University.</subfield><subfield code="b">Libraries.</subfield></datafield><datafield ind1="0" ind2=" " tag="730"><subfield code="a">Arabic Collections Online.</subfield></datafield><datafield ind1="0" ind2="8" tag="776"><subfield code="i">Print version:</subfield><subfield code="a">Ja&#772;h&#803;iz&#803;, -868 or 869.</subfield><subfield code="t">al-Baya&#772;n wa-al-tabyi&#772;n</subfield><subfield code="w">(NNC)3073966</subfield><subfield code="w">(OCoLC)47851084</subfield></datafield><datafield ind1="4" ind2="0" tag="856"><subfield code="u">http://hdl.handle.net/2333.1/0vt4bb77</subfield></datafield><datafield ind1="0" ind2=" " tag="880"><subfield code="6">100-01/r</subfield><subfield code="a">&#1580;&#1575;&#1581;&#1592;&#1548; </subfield><subfield code="d">-868 or 869.</subfield></datafield><datafield ind1="1" ind2="2" tag="880"><subfield code="6">245-02/r</subfield><subfield code="a">&#1575;&#1604;&#1576;&#1610;&#1575;&#1606; &#1608;&#1575;&#1604;&#1578;&#1576;&#1610;&#1610;&#1606; /</subfield><subfield code="c">&#1604;&#1575;&#1576;&#1610; &#1593;&#1579;&#1605;&#1575;&#1606; &#1593;&#1605;&#1585;&#1608; &#1576;&#1606; &#1576;&#1581;&#1585; &#1576;&#1606; &#1605;&#1581;&#1576;&#1608;&#1576; &#1575;&#1604;&#1580;&#1575;&#1607;&#1592;&#1548; &#1581;&#1602;&#1602;&#1607; &#1608;&#1588;&#1585;&#1581;&#1607; &#1581;&#1587;&#1606; &#1575;&#1604;&#1587;&#1606;&#1583;&#1608;&#1576;&#1610;.</subfield></datafield><datafield ind1=" " ind2=" " tag="880"><subfield code="6">250-03/r</subfield><subfield code="a">&#1575;&#1604;&#1591;&#1576;&#1593;&#1577; &#1575;&#1604;2.&#1548;</subfield><subfield code="b">&#1608;&#1607;&#1610; &#1578;&#1605;&#1578;&#1575;&#1586; &#1593;&#1606; &#1587;&#1575;&#1576;&#1602;&#1578;&#1607;&#1575; &#1576;&#1583;&#1602;&#1577; &#1575;&#1604;&#1578;&#1581;&#1602;&#1610;&#1602; &#1608;&#1575;&#1604;&#1590;&#1576;&#1591; &#1608;&#1575;&#1604;&#1578;&#1607;&#1584;&#1610;&#1576; &#1608;&#1586;&#1610;&#1575;&#1583;&#1577; &#1575;&#1604;&#1588;&#1585;&#1581;.</subfield></datafield><datafield ind1=" " ind2=" " tag="880"><subfield code="6">260-04/r</subfield><subfield code="a">&#1575;&#1604;&#1602;&#1575;&#1607;&#1585;&#1577; :</subfield><subfield code="b">&#1575;&#1604;&#1605;&#1603;&#1578;&#1576;&#1577; &#1575;&#1604;&#1578;&#1580;&#1575;&#1585;&#1610;&#1577; &#1575;&#1604;&#1603;&#1576;&#1585;&#1609; (&#1604;&#1589;&#1575;&#1581;&#1576;&#1607;&#1575; &#1605;&#1589;&#1591;&#1601;&#1609; &#1605;&#1581;&#1605;&#1583;)&#1548;</subfield><subfield code="c">1351 [1932]</subfield></datafield><datafield ind1="1" ind2=" " tag="880"><subfield code="6">700-05/r</subfield><subfield code="a">&#1587;&#1606;&#1583;&#1608;&#1576;&#1610;&#1548; &#1581;&#1587;&#1606;.</subfield></datafield><datafield ind1=" " ind2=" " tag="959"><subfield code="a">NNU</subfield><subfield code="b">WEB</subfield><subfield code="c">GENI</subfield><subfield code="t">0</subfield><subfield code="m">Electronic access</subfield><subfield code="s">01</subfield></datafield><datafield ind1=" " ind2=" " tag="999"><subfield code="i">NNC_3073966</subfield><subfield code="o">(OCoLC)47851084</subfield></datafield></record>